@book{spektrumA1,
  title={Spektrum deutsch A1+: Integriertes Kurs- und Arbeitsbuch f{\"u}r Deutsch als Fremdsprache},
  author={Buscha, A. and Szita, S.},
  isbn={9783941323292},
  url={https://books.google.com.vn/books?id=PMtunQAACAAJ},
  year={2017},
  publisher={Schubert-Verlag.}
}

@book{spektrumA2,
  title={Spektrum Deutsch A2+: Integriertes Kurs- und Arbeitsbuch f{\"u}r Deutsch als Fremdsprache},
  author={Buscha, A. and Szita, S.},
  isbn={9783941323315},
  url={https://books.google.com.vn/books?id=62G6swEACAAJ},
  year={2018},
  publisher={SCHUBERT Verlag.}
}

@book{spektrumB1,
  title={Spektrum Deutsch B1+: integriertes Kurs- und Arbeitsbuch f{\"u}r Deutsch als Fremdsprache},
  author={Buscha, A. and Schubert-Verlag Verlag f{\"u}r Fachliteratur Inhaber: Dr. Harald Schubert and Szita, S. and Deltorn, J.M.},
  isbn={9783941323346},
  url={https://books.google.com.vn/books?id=C3jAuQEACAAJ},
  year={2018},
  publisher={Schubert Verlag}
}

@book{duden-grammatik10,
  title={Duden - Die Grammatik: Struktur und Verwendung der deutschen Sprache. S{\"a}tze - Wortgruppen - W{\"o}rter},
  author={Katrin Axel-Tober},
  isbn={9783411914470},
  series={Duden - Deutsche Sprache in 12 B{\"a}nden},
  url={https://books.google.com.vn/books?id=nU3mEAAAQBAJ},
  year={2022},
  publisher={Duden}
}

@book{duden-grammatik9,
  title={Duden - Die Grammatik: Struktur und Verwendung der deutschen Sprache. S{\"a}tze - Wortgruppen - W{\"o}rter},
  author={Angelika WÃ¶llstein},
  isbn={9783411911776},
  series={Duden - Deutsche Sprache in 12 B{\"a}nden},
  url={https://books.google.com.vn/books?id=BR7mEAAAQBAJ},
  year={2016},
  publisher={Duden}
}
